<record><leader>00000cas a2200000 a 4500</leader><controlfield tag="001">9550253</controlfield><controlfield tag="008">830526d190819uuiauwr ne      0    0cze  </controlfield><datafield ind1=" " ind2=" " tag="010"><subfield code="a">sn 82016490 </subfield></datafield><datafield ind1=" " ind2=" " tag="040"><subfield code="a">DLC</subfield><subfield code="b">eng</subfield><subfield code="c">DLC</subfield><subfield code="d">INP</subfield><subfield code="d">DLC</subfield><subfield code="d">INP</subfield><subfield code="d">DLC</subfield><subfield code="d">CVF</subfield><subfield code="d">OCL</subfield><subfield code="d">DLC</subfield><subfield code="d">OCLCQ</subfield><subfield code="d">OCLCO</subfield><subfield code="d">OCLCF</subfield></datafield><datafield ind1="1" ind2=" " tag="029"><subfield code="a">AU@</subfield><subfield code="b">000020273932</subfield></datafield><datafield ind1="1" ind2=" " tag="041"><subfield code="a">cze</subfield><subfield code="h">eng</subfield></datafield><datafield ind1=" " ind2=" " tag="042"><subfield code="a">pcc</subfield></datafield><datafield ind1=" " ind2=" " tag="043"><subfield code="a">n-us-ia</subfield></datafield><datafield ind1="0" ind2="0" tag="050"><subfield code="a">Newspaper</subfield></datafield><datafield ind1="0" ind2="0" tag="245"><subfield code="a">Cedar-Rapidske&#769; listy.</subfield></datafield><datafield ind1=" " ind2=" " tag="260"><subfield code="a">Cedar Rapids, Iowa :</subfield><subfield code="b">Fr. Hradecky</subfield></datafield><datafield ind1=" " ind2=" " tag="300"><subfield code="a">v. :</subfield><subfield code="b">ill. ;</subfield><subfield code="c">55-56 cm.</subfield></datafield><datafield ind1=" " ind2=" " tag="310"><subfield code="a">Weekly</subfield></datafield><datafield ind1="1" ind2=" " tag="362"><subfield code="a">Began in 1908.</subfield></datafield><datafield ind1=" " ind2=" " tag="500"><subfield code="a">Special "patriotic edition" issued Aug. 23, 1917.</subfield></datafield><datafield ind1=" " ind2=" " tag="500"><subfield code="a">Publisher: Tribune Pub. Co., &lt;Aug. 8, 1940&gt;.</subfield></datafield><datafield ind1=" " ind2=" " tag="530"><subfield code="a">Also issued on microfilm from Library of Congress, Photoduplication Service.</subfield></datafield><datafield ind1=" " ind2=" " tag="546"><subfield code="a">In Czech and English.</subfield></datafield><datafield ind1=" " ind2=" " tag="588"><subfield code="a">Description based on: Roc&#774;. 9, c&#774;i&#769;s. 38, (23 srp. 1917).</subfield></datafield><datafield ind1=" " ind2="0" tag="650"><subfield code="a">Czech Americans</subfield><subfield code="v">Newspapers.</subfield></datafield><datafield ind1=" " ind2="0" tag="651"><subfield code="a">Cedar Rapids (Iowa)</subfield><subfield code="v">Newspapers.</subfield></datafield><datafield ind1=" " ind2="7" tag="655"><subfield code="a">Newspapers.</subfield><subfield code="2">fast</subfield><subfield code="0">(OCoLC)fst01423814</subfield></datafield><datafield ind1=" " ind2="7" tag="650"><subfield code="a">Czech Americans.</subfield><subfield code="2">fast</subfield><subfield code="0">(OCoLC)fst00886333</subfield></datafield><datafield ind1=" " ind2="7" tag="651"><subfield code="a">Iowa</subfield><subfield code="z">Cedar Rapids.</subfield><subfield code="2">fast</subfield><subfield code="0">(OCoLC)fst01206097</subfield></datafield><datafield ind1=" " ind2=" " tag="752"><subfield code="a">United States</subfield><subfield code="b">Iowa</subfield><subfield code="c">Linn</subfield><subfield code="d">Cedar Rapids.</subfield></datafield><datafield ind1="0" ind2="0" tag="780"><subfield code="t">Humoristicke listy (Cedar Rapids, Iowa)</subfield><subfield code="w">(DLC)sc 86003035</subfield><subfield code="w">(OCoLC)10169359</subfield></datafield><datafield ind1="0" ind2="0" tag="785"><subfield code="t">Krestanske listy (Cedar Rapids, Iowa)</subfield></datafield></record>